% DO NOT DELETE This File!!!

% encoding: UTF-8

% empty file
@book{dudek2010computational,
  title={Computational principles of mobile robotics},
  author={Dudek, Gregory and Jenkin, Michael},
  year={2010},
  publisher={Cambridge university press},
  address = {Cambridge}
}
@inproceedings{holland1997grey,
  title={Grey Walter: the pioneer of real artificial life},
  author={Holland, Owen},
  booktitle={Proceedings of the 5th international workshop on artificial life},
  pages={34--44},
  year={1997}
}
@article{harrison1987study,
  title={A study of application areas for modular robots},
  author={Harrison, R and Western, RH and Moore, PR and Thatcher, TW},
  journal={Robotica},
  volume={5},
  number={03},
  pages={217--221},
  year={1987},
  publisher={Cambridge Univ Press}
}
@article{wpf2007,
  title={可重构模块化机器人的研究},
  author={王鹏飞 and 秦小云},
  journal={中国水运},
  volume={7},
  number={7},
  pages={164--165},
  year={2007},
  publisher={万方数据资源系统},
  language = {zh}
}
@article{benhabib1991mechanical,
  title={Mechanical design of a modular robot for industrial applications},
  author={Benhabib, B and Dai, MQ},
  journal={Journal of Manufacturing Systems},
  volume={10},
  number={4},
  pages={297--306},
  year={1991},
  publisher={Elsevier}
}
@article{paredis1993kinematic,
  title={Kinematic design of serial link manipulators from task specifications},
  author={Paredis, Christiaan JJ and Khosla, Pradeep K},
  journal={The International Journal of Robotics Research},
  volume={12},
  number={3},
  pages={274--287},
  year={1993},
  publisher={Sage Publications}
}
@article{fujita1999reconfigurable,
  title={A reconfigurable robot platform},
  author={Fujita, Masahiro and Kitano, Hiroaki and Kageyama, Koji},
  journal={Robotics and autonomous Systems},
  volume={29},
  number={2},
  pages={119--132},
  year={1999},
  address = {Tokoyo},
  publisher={Elsevier}
}
@inproceedings{yim1994new,
  title={New locomotion gaits},
  author={Yim, Mark},
  booktitle={Robotics and Automation, 1994. Proceedings., 1994 IEEE International Conference on},
  pages={2508--2514},
  year={1994},
  organization={IEEE}
}
@article{ll2002mobile,
  title={移动机器人技术研究现状与未来 $\Xi$},
  author={李磊 and 叶涛 and 谭民 and 陈细军},
  journal={机器人},
  volume={24},
  number={9},
  pages={475--480},
  year={2002}，
  language = {zh}
}
@article{nilsson1969mobile,
  title={A Mobile Automation: An Application of Artificial Intelligence Techniques},
  author={Nilsson, NJ},
  journal={Autonomous Mobile Robots: Control, Planning, and Architecture},
  volume={2},
  pages={233--244},
  year={1969}
}
@article{wang2010path,
  title={Path planning approach in unknown environment},
  author={Wang, Ting-Kai and Dang, Quan and Pan, Pei-Yuan},
  journal={International Journal of Automation and Computing},
  volume={7},
  number={3},
  pages={310--316},
  year={2010},
  publisher={Springer}
}
@inproceedings{ersson2001path,
  title={Path planning and navigation of mobile robots in unknown environments},
  author={Ersson, Torvald and Hu, Xiaoming},
  booktitle={Intelligent Robots and Systems, 2001. Proceedings. 2001 IEEE/RSJ International Conference on},
  volume={2},
  pages={858--864},
  year={2001},
  organization={IEEE}
}
@inproceedings{utsugi2008path,
  title={Path planning in an unknown environment on the basis of observations of occluded areas},
  author={Utsugi, S and Suzuki, H},
  booktitle={Cybernetics and Intelligent Systems, 2008 IEEE Conference on},
  pages={248--253},
  year={2008},
  address = {Tokoyo},
  organization={IEEE}
}

