@article{houtekamer1998data,
  title={Data assimilation using an ensemble Kalman filter technique},
  author={Houtekamer, Peter L and Mitchell, Herschel L},
  journal={Monthly Weather Review},
  volume={126},
  number={3},
  pages={796--811},
  year={1998}
}
@article{khatib1986real,
  title={Real-time obstacle avoidance for manipulators and mobile robots},
  author={Khatib, Oussama},
  journal={The international journal of robotics research},
  volume={5},
  number={1},
  pages={90--98},
  year={1986},
  publisher={Sage Publications}
}
@inproceedings{koren1991potential,
  title={Potential field methods and their inherent limitations for mobile robot navigation},
  author={Koren, Yoram and Borenstein, Johann},
  booktitle={Robotics and Automation, 1991. Proceedings., 1991 IEEE International Conference on},
  pages={1398--1404},
  year={1991},
  organization={IEEE}
}
@article{gzf1992VPpath,
  title={基于势场的运动路径规划},
  author={耿兆丰 and 吴永敢},
  journal={机器人},
  volume={14},
  number={5},
  pages={38--43},
  year={1992}
}
@article{waller1998transfer,
  title={The transfer of spatial knowledge in virtual environment training},
  author={Waller, David and Hunt, Earl and Knapp, David},
  journal={Presence},
  volume={7},
  number={2},
  pages={129--143},
  year={1998},
  publisher={MIT Press}
}
@article{zb2006memory,
  title={智能车赛道记忆算法的研究},
  author={周斌 and 刘旺 and 林辛凡 and 郝杰 and 黄开胜},
  journal={电子产品世界},
  number={08S},
  pages={160--161},
  year={2006}
}